<?xml version="1.0" encoding="UTF-8"?><record xmlns="http://www.loc.gov/MARC21/slim" xmlns:cinclude="http://apache.org/cocoon/include/1.0" xmlns:zs="http://www.loc.gov/zing/srw/">
  <leader>00529cz  a2200145n  4500</leader>
  <controlfield tag="001">nb2001050564</controlfield>
  <controlfield tag="003">DLC</controlfield>
  <controlfield tag="005">20070801075111.0</controlfield>
  <controlfield tag="008">010713n| acannaabn          |n aaa      </controlfield>
  <datafield tag="010" ind1=" " ind2=" ">
    <subfield code="a">nb2001050564</subfield>
  </datafield>
  <datafield tag="035" ind1=" " ind2=" ">
    <subfield code="a">(OCoLC)oca05534254</subfield>
  </datafield>
  <datafield tag="040" ind1=" " ind2=" ">
    <subfield code="a">Uk</subfield>
    <subfield code="b">eng</subfield>
    <subfield code="c">Uk</subfield>
    <subfield code="d">WaU</subfield>
  </datafield>
  <datafield tag="100" ind1="1" ind2=" ">
    <subfield code="a">Reid, Mike,</subfield>
    <subfield code="d">1940-2007</subfield>
  </datafield>
  <datafield tag="670" ind1=" " ind2=" ">
    <subfield code="a">T'rific, 1999:</subfield>
    <subfield code="b">t.p. (Mike Reid) p.9 (born 19 Jan. 1940 in East London) jkt. (actor and comedian)</subfield>
  </datafield>
  <datafield tag="670" ind1=" " ind2=" ">
    <subfield code="a">Wikipedia, July 29, 2007</subfield>
    <subfield code="b">(Michael "Mike" Reid (19 Jan. 1940-29 July 2007); British comedian and character actor)</subfield>
  </datafield>
</record>